<?xml version="1.0" encoding="UTF-8"?><collection xmlns="http://www.loc.gov/MARC21/slim"><record><leader>00593nam--2200181-u-4500</leader><controlfield tag="001">000054604</controlfield><controlfield tag="002">20161230</controlfield><controlfield tag="005">20161230201051</controlfield><controlfield tag="008">120330s1000------------r-----000-0-rus-d</controlfield><datafield ind1=" " ind2=" " tag="040"><subfield code="a">IFIN-HH</subfield></datafield><datafield ind1=" " ind2=" " tag="041"><subfield code="a">rus</subfield></datafield><datafield ind1=" " ind2=" " tag="080"><subfield code="a">539.12(061.3):539.14(061.3)</subfield></datafield><datafield ind1="1" ind2=" " tag="110"><subfield code="a">Joint Institute For Nuclear Research</subfield></datafield><datafield ind1="1" ind2="0" tag="245"><subfield code="a">Sbornik statei dlia diskussii na mejdunarodnom sovesanii po perspektivam razvitia fiziki elementarnih ceastit i atomnogo iadra</subfield></datafield><datafield ind1=" " ind2=" " tag="260"><subfield code="a">Dubna</subfield><subfield code="b">Joint Institute For Nuclear Research</subfield><subfield code="c">1973</subfield></datafield><datafield ind1=" " ind2=" " tag="300"><subfield code="a">/PAG.DIF.</subfield></datafield><datafield ind1=" " ind2=" " tag="852"><subfield code="a">42885</subfield><subfield code="c">539.14</subfield></datafield><datafield ind1=" " ind2=" " tag="CAT"><subfield code="a">Sys</subfield><subfield code="c">20120330</subfield><subfield code="h">131940</subfield></datafield></record></collection>